<?xml version="1.0" encoding="UTF-8"?><collection xmlns="http://www.loc.gov/MARC21/slim"><record><leader>00626nam--2200205-u-4500</leader><controlfield tag="001">000053315</controlfield><controlfield tag="002">20161230</controlfield><controlfield tag="005">20161230201051</controlfield><controlfield tag="008">110208s1000------------r-----000-0-eng-d</controlfield><datafield ind1=" " ind2=" " tag="020"><subfield code="a">973858180X</subfield></datafield><datafield ind1=" " ind2=" " tag="040"><subfield code="a">IFIN-HH</subfield></datafield><datafield ind1=" " ind2=" " tag="080"><subfield code="a">539.213</subfield></datafield><datafield ind1="1" ind2=" " tag="100"><subfield code="a">Lucovsky, G</subfield></datafield><datafield ind1="1" ind2="0" tag="245"><subfield code="a">Non-crystalline materials for optoelectronics</subfield><subfield code="b">Optoelectronic materials and devices vol. 1</subfield><subfield code="c">G. lucovsky, m. popescu (eds.)</subfield></datafield><datafield ind1=" " ind2=" " tag="260"><subfield code="a">Bucharest</subfield><subfield code="b">Editura Inoe</subfield><subfield code="c">2004</subfield></datafield><datafield ind1=" " ind2=" " tag="300"><subfield code="a">488p</subfield></datafield><datafield ind1=" " ind2=" " tag="490"><subfield code="a">Optoelectronic Materials And Devices</subfield><subfield code="v">Vol. 1</subfield></datafield><datafield ind1="1" ind2=" " tag="700"><subfield code="a">Popescu, Mihai</subfield><subfield code="e">Ed</subfield></datafield><datafield ind1=" " ind2=" " tag="852"><subfield code="a">82317</subfield><subfield code="c">537.533.35</subfield></datafield><datafield ind1=" " ind2=" " tag="CAT"><subfield code="a">Sys</subfield><subfield code="c">20140224</subfield><subfield code="h">170304</subfield></datafield></record></collection>